<record xmlns="http://www.loc.gov/MARC21/slim" xmlns:xsi="http://www.w3.org/2001/XMLSchema-instance" xsi:schemaLocation="http://www.loc.gov/MARC21/slim http://www.loc.gov/standards/marcxml/schema/MARC21slim.xsd"><leader>00037nz   2200037n  4500</leader><controlfield tag="001">DNB|102394806</controlfield><controlfield tag="003">DNB</controlfield><controlfield tag="005">20061124161545.0</controlfield><controlfield tag="008">930416|||azznnaa|||||||||||| a|aaa|||| d</controlfield><datafield ind1="7" ind2=" " tag="016"><subfield code="a">102394806</subfield><subfield code="2">GyFmDB</subfield></datafield><datafield ind1=" " ind2=" " tag="035"><subfield code="a">(SWD)4721862-9</subfield></datafield><datafield ind1=" " ind2=" " tag="040"><subfield code="a">0000</subfield><subfield code="b">ger</subfield><subfield code="d">9999</subfield><subfield code="f">RAK-PND</subfield></datafield><datafield ind1=" " ind2=" " tag="043"><subfield code="a">XS---</subfield><subfield code="2">SWD-ISO3166</subfield></datafield><datafield ind1=" " ind2=" " tag="065"><subfield code="a">12.2p</subfield><subfield code="5">SWD</subfield></datafield><datafield ind1="0" ind2=" " tag="100"><subfield code="a">Heniochus,</subfield><subfield code="c">Comicus</subfield><subfield code="d">357-355</subfield></datafield><datafield ind1="0" ind2=" " tag="400"><subfield code="a">Heniochus,</subfield><subfield code="c">Atheniensis</subfield><subfield code="d">357-355</subfield></datafield><datafield ind1="0" ind2=" " tag="400"><subfield code="a">Heniochos,</subfield><subfield code="c">Athener</subfield><subfield code="d">357-355</subfield></datafield><datafield ind1="0" ind2=" " tag="400"><subfield code="a">Heniochos,</subfield><subfield code="c">Dichter der Mittleren Komödie</subfield><subfield code="d">357-355</subfield></datafield><datafield ind1="0" ind2=" " tag="400"><subfield code="a">Heniochos,</subfield><subfield code="c">von Athen</subfield><subfield code="d">357-355</subfield></datafield><datafield ind1="0" ind2=" " tag="400"><subfield code="a">Heniochos,</subfield><subfield code="c">Lustspieldichter</subfield><subfield code="d">357-355</subfield></datafield><datafield ind1=" " ind2=" " tag="670"><subfield code="a">Pauly</subfield></datafield><datafield ind1=" " ind2=" " tag="678"><subfield code="a">Dichter der Mittleren Komödie aus Athen</subfield></datafield><datafield ind1=" " ind2=" " tag="945"><subfield code="a">15</subfield><subfield code="9">1</subfield></datafield></record>